@Misc{stginga,
  author = {{STScI}},
  title = {stginga},
  howpublished = {https://github.com/spacetelescope/stginga},
  year = 2018
}

@Misc{ginga,
  author = {{NAOJ}},
  title = {Ginga},
  howpublished = {https://github.com/ejeschke/ginga},
  year = 2018
}

@Misc{plugin-template,
  author = {{NAOJ}},
  title = {ginga-plugin-template},
  howpublished = {https://github.com/ejeschke/ginga-plugin-template},
  year = 2018
}

@Misc{astroconda,
  author = {{STScI}},
  title = {{AstroConda}},
  howpublished = {https://astroconda.readthedocs.io},
  year = 2018
}

@misc{sbr,
  author = {{Acton}, S.},
  title = {{Image Pre-Processor SBR}},
  howpublished = {Private communications},
  year = 2015
}

@inproceedings{Jeschke12A,
        author = {{Jeschke}, E. and {Inagaki}, T. and {Kackley}, R.},
        title  = "A next generation open-source toolkit for {FITS} file image viewing",
        booktitle = "Software and Cyberinfrastructure for Astronomy II",

        year   = 2012,
        editor = {{Radziwill}, N. and {Chiozzi}, G.},
        publisher = "SPIE",
        note   = "Vol. 8451" }

@inproceedings{Jeschke15A,
        author = {{Jeschke}, E. and {Inagaki}, T. and {Kackley}, R.},
        title  = "Enhancements to {Ginga}: a {Python} Package for Building Astronomical Data Viewers",
        booktitle = "Astronomical Data Analysis Software and Systems XXIV",
        year   = 2015,
        editor = {{Taylor}, A.~R. and {Rosolowsky}, E.},
        publisher = "ASP",
        note   = "Vol. 495" }
